
@BOOK{Kendall1955-ic,
  title     = "Rank correlation methods",
  author    = "Kendall, Maurice G",
  publisher = "Hafner Pub. Co.",
  year      =  1955,
  language  = "en",
  url       = "https://www.worldcat.org/title/rank-correlation-methods/oclc/1331866",
  address   = "New York"
}

@BOOK{nguyen2012,
  title     = "A book of some sorts",
  author    = "Nguyen, Robin",
  publisher = "National Academies Press (US)",
  month     =  may,
  year      =  2012,
  edition   = 2,
  address   = "Washington (DC)",
  language  = "en",
  isbn      = "1161625235233",
  doi       = "10.11111/35235"
}

@ARTICLE{johnson2022,
  title   = "Brain activity mapping via quantum quasixenochromodynamics",
  author  = "Johnson, Kerri and Mayer, Rebecca and Nguyen, Kim and Robinson, Patrick and Outtanames, Runnin",
  journal = "Science",
  volume  =  1,
  number  = "September",
  pages   = "1--12",
  year    =  2022,
  language = "en",
  issn    = "1548-1134",
  pmid    = "23621245",
  doi     = "10.1033/science.233"
}

@ARTICLE{opencv,
  author = {Bradski, G.},
  citeulike-article-id = {2236121},
  journal = {Dr. Dobb's Journal of Software Tools},
  posted-at = {2008-01-15 19:21:54},
  priority = {4},
  title = "The OpenCV Library",
  language  = "en",
  year = {2000}
}

@ARTICLE{uff,
  title     = "{UFF}, a full periodic table force field for molecular mechanics and molecular dynamics simulations",
  author    = "Rappe, A K and Casewit, C J and Colwell, K S and Goddard, W A and Skiff, W M",
  journal   = "J. Am. Chem. Soc.",
  volume    =  114,
  number    =  25,
  pages     = "10024--10035",
  month     =  dec,
  year      =  1992,
  issn      = "0002-7863",
  language  = "en",
  doi       = "10.1021/ja00051a040"
}

@ONLINE{yolov1,
  title         = "{YOLO9000}: Better, Faster, Stronger",
  author        = "Redmon, Joseph and Farhadi, Ali",
  month         =  dec,
  year          =  2016,
  language      = "en",
  eprint        = "1612.08242",
  eprintclass   = "cs.CV",
  eid           = "1612.08242"
}

@ONLINE{yolov6,
  title    = "ultralytics/yolov5: v6.0 - {YOLOv5n} 'Nano' models, Roboflow integration, {TensorFlow} export, {OpenCV} {DNN} support",
  author = "Jocher, Glenn and Stoken, Alex and Chaurasia, Ayush and Borovec, Jirka and {NanoCode} and {TaoXie} and Kwon, Yonghye and Michael,  Kalen and Changyu, Liu and Fang, Jiacong and Abhiram, V and {Laughing} and {tkianai} and {yxNONG} and Skalski, Piotr and Hogan, Adam and Nadar, Jebastin and {imyhxy} and Mammana, Lorenzo and {AlexWang} and Fati, Cristi and Montes, Diego and Hajek, Jan and Diaconu, Laurentiu and Minh, Mai Thanh and {Marc} and {albinxavi} and {fatih} and {oleg} and {wanghaoyang}",
  month    =  oct,
  year     =  2021,
  version  = 6,
  language = "en",
  doi      = "10.5281/zenodo.5563715"
}

@MISC{scipy,
  author   = "Eric Jones and Travis Oliphant and Pearu Peterson and others",
  title    = "SciPy: Open source scientific tools for Python",
  year     =  2001,
  language = "en",
  url      = "https://www.scipy.org/"
}
